@article{wang2021poi,
  title={POI recommendation method using LSTM-attention in LBSN considering privacy protection},
  author={Wang, Kun and Wang, Xiaofeng and Lu, Xuan},
  journal={Complex \& Intelligent Systems},
  pages={1--12},
  year={2021},
  publisher={Springer}
}

@article{qian2018time,
  title={Time and location aware points of interest recommendation in location-based social networks},
  author={Qian, Tie-Yun and Liu, Bei and Hong, Liang and You, Zhen-Ni},
  journal={Journal of Computer Science and Technology},
  volume={33},
  number={6},
  pages={1219--1230},
  year={2018},
  publisher={Springer}
}
@article{si2019adaptive,
  title={An adaptive point-of-interest recommendation method for location-based social networks based on user activity and spatial features},
  author={Si, Yali and Zhang, Fuzhi and Liu, Wenyuan},
  journal={Knowledge-Based Systems},
  volume={163},
  pages={267--282},
  year={2019},
  publisher={Elsevier}
}
@article{xiong2020go,
  title={Where to go: An effective point-of-interest recommendation framework for heterogeneous social networks},
  author={Xiong, Xi and Qiao, Shaojie and Han, Nan and Xiong, Fei and Bu, Zhan and Li, Rong-Hua and Yue, Kun and Yuan, Guan},
  journal={Neurocomputing},
  volume={373},
  pages={56--69},
  year={2020},
  publisher={Elsevier}
}
@article{qian2019spatiotemporal,
  title={Spatiotemporal representation learning for translation-based POI recommendation},
  author={Qian, Tieyun and Liu, Bei and Nguyen, Quoc Viet Hung and Yin, Hongzhi},
  journal={ACM Transactions on Information Systems (TOIS)},
  volume={37},
  number={2},
  pages={1--24},
  year={2019},
  publisher={ACM New York, NY, USA}
}
@article{xing2018points,
  title={Points-of-interest recommendation based on convolution matrix factorization},
  author={Xing, Shuning and Liu, Fangai and Zhao, Xiaohui and Li, Tianlai},
  journal={Applied intelligence},
  volume={48},
  number={8},
  pages={2458--2469},
  year={2018},
  publisher={Springer}
}

@article{zhang2019fused,
  title={Fused matrix factorization with multi-tag, social and geographical influences for POI recommendation},
  author={Zhang, Zhiyuan and Liu, Yun and Zhang, Zhenjiang and Shen, Bo},
  journal={World Wide Web},
  volume={22},
  number={3},
  pages={1135--1150},
  year={2019},
  publisher={Springer}
}
@article{huang2020deep,
  title={Deep representation learning for location-based recommendation},
  author={Huang, Zhenhua and Lin, Xiaolong and Liu, Hai and Zhang, Bo and Chen, Yunwen and Tang, Yong},
  journal={IEEE Transactions on Computational Social Systems},
  volume={7},
  number={3},
  pages={648--658},
  year={2020},
  publisher={IEEE}
}

@article{yu2019point,
  title={Point-of-interest recommendation based on user contextual behavior semantics},
  author={Yu, Dongjin and Xu, Kaihui and Wang, Dongjing and Yu, Ting and Li, Wanqing},
  journal={International Journal of Software Engineering and Knowledge Engineering},
  volume={29},
  number={11n12},
  pages={1781--1799},
  year={2019},
  publisher={World Scientific}
}

@article{gowalla,
  title={Dataset Gowalla},
  author={Kaggle},
  journal="https://snap.stanford.edu/data/loc-gowalla.html",
  year={2010}
}

@article{bengio2000neural,
  title={A neural probabilistic language model},
  author={Bengio, Yoshua and Ducharme, R{\'e}jean and Vincent, Pascal},
  journal={Advances in neural information processing systems},
  volume={13},
  year={2000}
}

@article{gao2018exploiting,
  title={Exploiting geo-social correlations to improve pairwise ranking for point-of-interest recommendation},
  author={Gao, Rong and Li, Jing and Du, Bo and Li, Xuefei and Chang, Jun and Song, Chengfang and Liu, Donghua},
  journal={China communications},
  volume={15},
  number={7},
  pages={180--201},
  year={2018},
  publisher={IEEE}
}

@article{wandb,
  title={Workspace PÃºblico de Weights & Biases},
  author={Grupo 4, IIC3633, 2022-2},
  journal={"https://wandb.ai/rafafdz/proyecto-recsys"},
  year={2022}
}


@article{source,
  title={Github Proyecto Sistemas Recomendadores Grupo 4},
  author={Grupo 4, IIC3633, 2022-2},
  journal={"https://github.com/rafafdz/proyecto-recsys"},
  year={2022}
}
